% This file was created with JabRef 2.10b.
% Encoding: UTF-8


@Conference{brady:effects,
  Title                    = {Programming and Reasoning with Algebraic Effects and Dependent Types},
  Author                   = {Edwin C Brady},
  Booktitle                = {Proceedings of the 18th ACM SIGPLAN International Conference on Functional Programming},
  Year                     = {2013},

  Owner                    = {sf37},
  Timestamp                = {2013.07.27}
}

@InProceedings{brady2011idris,
  Title                    = {IDRIS---: systems programming meets full dependent types},
  Author                   = {Brady, Edwin C},
  Booktitle                = {Proceedings of the 5th ACM workshop on Programming languages meets program verification},
  Year                     = {2011},
  Organization             = {ACM},
  Pages                    = {43--54},

  Owner                    = {sf37},
  Timestamp                = {2013.07.27}
}

@Article{mcbride.mckinna:viewfromleft,
  Title                    = {The view from the left},
  Author                   = {C. McBride and J. McKinna},
  Journal                  = {{J}ournal of {F}unctional {P}rogramming},
  Year                     = {2004},
  Number                   = {1},
  Pages                    = {69--111},
  Volume                   = {14},

  Owner                    = {sf37},
  Timestamp                = {2013.07.27}
}

